<record><leader>00000cas a22000007a 4500</leader><controlfield tag="001">15028162</controlfield><controlfield tag="008">861231d18811882inuwr ne      0    0eng d</controlfield><datafield ind1=" " ind2=" " tag="010"><subfield code="a">sn 87055014 </subfield></datafield><datafield ind1=" " ind2=" " tag="040"><subfield code="a">NPI</subfield><subfield code="b">eng</subfield><subfield code="c">NPI</subfield><subfield code="d">OCLCQ</subfield></datafield><datafield ind1=" " ind2=" " tag="042"><subfield code="a">msc</subfield></datafield><datafield ind1="0" ind2=" " tag="130"><subfield code="a">Press (Greencastle, Ind. : 1881)</subfield></datafield><datafield ind1="1" ind2="4" tag="245"><subfield code="a">The press.</subfield></datafield><datafield ind1=" " ind2=" " tag="260"><subfield code="a">Greencastle, Ind. :</subfield><subfield code="b">Howard Briggs,</subfield><subfield code="c">1881-</subfield></datafield><datafield ind1=" " ind2=" " tag="310"><subfield code="a">Weekly</subfield></datafield><datafield ind1="0" ind2=" " tag="362"><subfield code="a">Vol. 23, no. 46 (Mar. 9, 1881)- = whole no. 1180-</subfield></datafield><datafield ind1=" " ind2=" " tag="752"><subfield code="a">United States</subfield><subfield code="b">Indiana</subfield><subfield code="c">Putnam</subfield><subfield code="d">Greencastle.</subfield></datafield><datafield ind1="0" ind2="0" tag="780"><subfield code="t">Dollar press</subfield><subfield code="w">(DLC)sn 87055712</subfield></datafield><datafield ind1="0" ind2="7" tag="785"><subfield code="t">Greencastle star</subfield><subfield code="w">(DLC)sn 84023933</subfield><subfield code="w">(OCoLC)11082708</subfield></datafield><datafield ind1="0" ind2="7" tag="785"><subfield code="t">Greencastle star-press</subfield><subfield code="w">(DLC)sn 86058072</subfield><subfield code="w">(OCoLC)13408093</subfield></datafield></record>